<record><leader>00000cas a22000007a 4500</leader><controlfield tag="001">34773642</controlfield><controlfield tag="008">960522d19751985cauwr ne      0    0eng d</controlfield><datafield ind1=" " ind2=" " tag="010"><subfield code="a">sn 96062732 </subfield></datafield><datafield ind1=" " ind2=" " tag="040"><subfield code="a">CNK</subfield><subfield code="b">eng</subfield><subfield code="c">CNK</subfield><subfield code="d">OCLCQ</subfield></datafield><datafield ind1=" " ind2=" " tag="042"><subfield code="a">msc</subfield></datafield><datafield ind1="0" ind2="0" tag="245"><subfield code="a">North Long Beach herald American.</subfield></datafield><datafield ind1="3" ind2=" " tag="246"><subfield code="a">Herald American</subfield></datafield><datafield ind1=" " ind2=" " tag="260"><subfield code="a">Bellflower, Cal. :</subfield><subfield code="b">Charles Aydelotte</subfield></datafield><datafield ind1=" " ind2=" " tag="300"><subfield code="a">v.</subfield></datafield><datafield ind1=" " ind2=" " tag="310"><subfield code="a">Weekly</subfield></datafield><datafield ind1="0" ind2=" " tag="362"><subfield code="a">39th year, issue 71 (May 15, 1975)-50th year, no. 30 (Mar. 21, 1985).</subfield></datafield><datafield ind1=" " ind2=" " tag="500"><subfield code="a">"North Long Beach" appears in small print above "Herald American."</subfield></datafield><datafield ind1=" " ind2=" " tag="580"><subfield code="a">Published in several local editions.</subfield></datafield><datafield ind1=" " ind2="4" tag="651"><subfield code="a">North Long Beach (Long Beach, Calif.)</subfield><subfield code="v">Newspapers.</subfield></datafield><datafield ind1=" " ind2=" " tag="752"><subfield code="a">United States</subfield><subfield code="b">California</subfield><subfield code="c">Los Angeles</subfield><subfield code="d">Bellflower.</subfield></datafield><datafield ind1="0" ind2="0" tag="780"><subfield code="t">North Long Beach Bixby Knolls call-enterprise</subfield><subfield code="w">(DLC)sn 96062731</subfield></datafield><datafield ind1="0" ind2="7" tag="785"><subfield code="t">Lakewood herald American</subfield><subfield code="w">(DLC)sn 96062729</subfield></datafield><datafield ind1="0" ind2="7" tag="785"><subfield code="t">Lakewood-North Long Beach herald American</subfield><subfield code="w">(DLC)sn 96062733</subfield></datafield><datafield ind1="1" ind2=" " tag="029"><subfield code="a">AU@</subfield><subfield code="b">000012500789</subfield></datafield></record>